@BOOK{gistau,
	title = "Data Partitioning for Minimizing Transferred Data in MapReduce",
	author = "Miguel Liroz-Gistau et al",
	publisher = "INRIA \& LIRMM, Montpellier, France"
}

@book{HadoopDG,
 author = {White, Tom},
 title = {Hadoop: The Definitive Guide},
 year = {2012},
 isbn = {0596521979, 9780596521974},
 edition = {3st},
 publisher = {O'Reilly Media, Inc.}
} 


@book{HbaseDG,
 author = {George, Lars},
 title = {Hadoop: The Definitive Guide},
 year = {2011},
 isbn = { 978-1-4493-9610-7},
 edition = {1st},
 publisher = {O'Reilly Media, Inc.}
} 

@book{HadoopDum,
 author = {deRoos, Dirk},
 title = {Hadoop For Dummies},
 year = {2014},
 isbn = { 978-1-118-60755-8},
 publisher = {O'Reilly Media, Inc.}
} 

@MANUAL{HBaseWEB, 
author = {Apache HBase Team}, 
title = {{Apache HBase} Reference Guide}, 
year = 2015, 
url = {http://hbase.apache.org/book.html}, 
urldate = {2015-01-19}
 }

@online{HDFSWEB, 
title = {{HDFS} User Guide}, 
year = 2014, 
url = {http://hadoop.apache.org/docs/r2.3.0/hadoop-project-dist/hadoop-hdfs/HdfsUserGuide.html}, 
urldate = {2014-02-11}
 }

@online{CLOUDERA, 
title = {{Cloudera} trainings}, 
year = 2015, 
url = {http://cloudera.com/content/cloudera/en/training/library.html}, 
urldate = {2015-01-29}
 }
